<record><leader>00000cas a22000007a 4500</leader><controlfield tag="001">22152461</controlfield><controlfield tag="008">900727d19891991inuwr ne      0    0eng d</controlfield><controlfield tag="009">5452</controlfield><datafield ind1=" " ind2=" " tag="010"><subfield code="a">sn 90099351 </subfield></datafield><datafield ind1=" " ind2=" " tag="040"><subfield code="a">NPI</subfield><subfield code="b">eng</subfield><subfield code="c">NPI</subfield></datafield><datafield ind1=" " ind2=" " tag="042"><subfield code="a">msc</subfield></datafield><datafield ind1="0" ind2="0" tag="245"><subfield code="a">New Allen news.</subfield></datafield><datafield ind1=" " ind2=" " tag="260"><subfield code="a">New Haven, IN :</subfield><subfield code="b">Jennifer R. Bosk,</subfield><subfield code="c">1989-1991.</subfield></datafield><datafield ind1=" " ind2=" " tag="300"><subfield code="a">3 v. :</subfield><subfield code="b">ill. ;</subfield><subfield code="c">58 cm.</subfield></datafield><datafield ind1=" " ind2=" " tag="310"><subfield code="a">Weekly</subfield></datafield><datafield ind1="0" ind2=" " tag="362"><subfield code="a">Vol. 1, no. 1 (June 1, 1989)-v. 3, issue 5 (June 27, 1991).</subfield></datafield><datafield ind1=" " ind2=" " tag="500"><subfield code="a">"Serving the towns of Hoagland, Monroeville, New Haven, Woodburn and areas of Fort Wayne."</subfield></datafield><datafield ind1=" " ind2=" " tag="752"><subfield code="a">United States</subfield><subfield code="b">Indiana</subfield><subfield code="c">Allen</subfield><subfield code="d">Hoagland.</subfield></datafield><datafield ind1=" " ind2=" " tag="752"><subfield code="a">United States</subfield><subfield code="b">Indiana</subfield><subfield code="c">Allen</subfield><subfield code="d">Monroeville.</subfield></datafield><datafield ind1=" " ind2=" " tag="752"><subfield code="a">United States</subfield><subfield code="b">Indiana</subfield><subfield code="c">Allen</subfield><subfield code="d">New Haven.</subfield></datafield><datafield ind1=" " ind2=" " tag="752"><subfield code="a">United States</subfield><subfield code="b">Indiana</subfield><subfield code="c">Allen</subfield><subfield code="d">Woodburn.</subfield></datafield><datafield ind1=" " ind2=" " tag="752"><subfield code="a">United States</subfield><subfield code="b">Indiana</subfield><subfield code="c">Allen</subfield><subfield code="d">Fort Wayne.</subfield></datafield><datafield ind1="0" ind2="0" tag="780"><subfield code="t">New Haven news (New Haven, Ind. : 1985)</subfield><subfield code="w">(DLC)sn 87056748</subfield></datafield><datafield ind1="0" ind2="0" tag="785"><subfield code="t">Allen County times (New Haven, Ind. : 1991 )</subfield><subfield code="w">(DLC)sn 93049007</subfield></datafield></record>